<record xmlns="http://www.loc.gov/MARC21/slim" xmlns:xsi="http://www.w3.org/2001/XMLSchema-instance" xsi:schemaLocation="http://www.loc.gov/MARC21/slim http://www.loc.gov/standards/marcxml/schema/MARC21slim.xsd">

  <leader>00731nam a2200241Ia 4500</leader>
  <controlfield tag="008">151106b2005    u  ||||| |||| 00| | spa d</controlfield>
  <datafield ind2=" " tag="020" ind1=" ">
    <subfield code="a">9280638742</subfield>
  </datafield>
  <datafield ind1=" " tag="090" ind2=" ">
    <subfield code="a">14.02.02</subfield>
    <subfield code="b"> 1425</subfield>
  </datafield>
  <datafield ind1="2" ind2=" " tag="110">
    <subfield code="9">569</subfield>
    <subfield code="a">UNICEF</subfield>
  </datafield>
  <datafield ind2="0" tag="245" ind1="1">
    <subfield code="a">Progreso para la infancia: un balance sobre la enseñanza primaria y la paridad entre los géneros / </subfield>
    <subfield code="c">UNICEF</subfield>
  </datafield>
  <datafield ind2=" " tag="260" ind1=" ">
    <subfield code="a">New York  : </subfield>
    <subfield code="b">UNICEF, </subfield>
    <subfield code="c">2005</subfield>
  </datafield>
  <datafield ind2=" " tag="300" ind1=" ">
    <subfield code="a">28 páginas; </subfield>
    <subfield code="b">ilustraciones</subfield>
  </datafield>
  <datafield tag="500" ind2=" " ind1=" ">
    <subfield code="a">Número 2, abril de 2005</subfield>
  </datafield>
  <datafield ind1="1" tag="650" ind2="4">
    <subfield code="a">INFANCIA</subfield>
    <subfield code="9">533</subfield>
  </datafield>
  <datafield ind1="1" tag="650" ind2="4">
    <subfield code="a">EDUCACIÓN PRIMARIA</subfield>
    <subfield code="9">367</subfield>
  </datafield>
  <datafield ind1="1" tag="650" ind2="4">
    <subfield code="a">EDUCACIÓN SECUNDARIA</subfield>
    <subfield code="9">456</subfield>
  </datafield>
  <datafield ind1="1" tag="650" ind2="4">
    <subfield code="a">GÉNERO</subfield>
    <subfield code="9">69</subfield>
  </datafield>
  <datafield ind1=" " tag="651" ind2="4">
    <subfield code="9">537</subfield>
    <subfield code="a">AFRICA</subfield>
  </datafield>
  <datafield ind1=" " ind2="4" tag="651">
    <subfield code="9">538</subfield>
    <subfield code="a">ASIA</subfield>
  </datafield>
  <datafield tag="651" ind2="4" ind1=" ">
    <subfield code="9">273</subfield>
    <subfield code="a">AMÉRICA LATINA</subfield>
  </datafield>
  <datafield ind1=" " ind2="4" tag="651">
    <subfield code="9">539</subfield>
    <subfield code="a">CARIBE</subfield>
  </datafield>
  <datafield ind1=" " tag="942" ind2=" ">
    <subfield code="2">z</subfield>
    <subfield code="c">01</subfield>
  </datafield>
  <datafield ind2=" " tag="999" ind1=" ">
    <subfield code="c">304</subfield>
    <subfield code="d">304</subfield>
  </datafield>
</record>